@Inproceedings{maxx,
  author =       "Salam, Abdus",
  title =        "Weak and Electromagnetic Interactions",
  booktitle =    "Elementary particle theory. Relativistic groups and
                  analyticity. Proceedings of the Eighth Nobel
                  Symposium",
  date =         "1968-05-19/1968-05-25",
  editor =       "Nils Svartholm",
  address =      "Stockholm",
  publisher =    "Almquist \& Wiksell",
  pages =        {367}
}
