@Book{thomson,
  author =    {Thomson, Mark},
  title =     {Modern Particle Physics},
  publisher = {Cambridge University Press},
  year =      {2013},
  isbn =      {9781107034266},
  edition =   {1}
}

@Thesis{thesis:anji,
	author =       {Jacobs, Ruth Magdalena},
	title =        {Statistical methods used in the search for singly produced vector-like quarks using the {ATLAS} detector},
	type =         {Master Thesis},
	school =       {University of Bonn},
	year =         {2015},
}

@Thesis{thesis:ruth,
	author =       {Bandyopadhyay, Anjishnu},
	title =        {Identification of b-jets in boosted $H\rightarrow b\bar{b}$ decays in $\sqrt{s}=$ 13 TeV pp collisions with the ATLAS detector},
	type =         {Master Thesis},
	school =       {University of Bonn},
	year =         {2015},
}

@Thesis{thesis:rui,
	author =       {Zhang, Rui},
	title =        {Inclusive and differential cross-section measurements of $tW$ single top-quark production at $\sqrt{s}=13$ TeV with the {ATLAS} detector},
	type =         {PhD Thesis},
	school =       {University of Bonn},
	year =         {2019},
}

@Thesis{thesis:tanja,
	author =       {Holm, Tanja},
	title =        {Determining the jet energy resolution of the {ATLAS} detector using the bisector method},
	type =         {Master Thesis},
	school =       {University of Bonn},
	year =         {2018},
}


@Thesis{thesis:chris,
	author =       {Boever, Chris},
	title =        {Differential cross-section measurement of the $tZq$ process with the {ATLAS} detector},
	type =         {Master Thesis},
	school =       {University of Bonn},
	year =         {2019},
}


@thesis{thesis:arshia,
	author        = "Ruina, Arshia",
	title         = "{Search for Charged-Lepton Flavour Violation in Top-Quark Decays in the $\mu \tau$ Channel using the ATLAS Detector
	at the LHC}",
	month         = "Jan",
	year          = "2019",
	reportNumber  = "CERN-THESIS-2018-315",
	url           = "http://cds.cern.ch/record/2653340",
	note          = "Presented 08 Oct 2018",
}


@article{vlqpaper,
	author         = "{ATLAS Collaboration}",
	title          = "{Search for single production of vector-like quarks decaying into $Wb$ in $pp$ collisions at $\sqrt{s}=13$ TeV with the ATLAS detector}",
	collaboration  = "ATLAS",
	journal        = "JHEP",
	volume         = "05",
	year           = "2019",
	pages          = "164",
	doi            = "10.1007/JHEP05(2019)164",
	eprint         = "1812.07343",
	archivePrefix  = "arXiv",
	primaryClass   = "hep-ex",
	reportNumber   = "CERN-EP-2018-226",
	SLACcitation   = "%%CITATION = ARXIV:1812.07343;%%"
}


@Report{singleproductionb,
	author =       "{CMS Collaboration}",
	title         = "{Search for single production of vector-like quarks decaying to a b quark and a Higgs boson.}",
	journal       = "JHEP",
	collaboration = "CMS Collaboration",
	number        = "CMS-B2G-17-009. CMS-B2G-17-009-003",
	volume        = "06",
	pages         = "031. 40 p",
	month         = "Feb",
	year          = "2018",
	reportNumber  = "CMS-B2G-17-009",
	url           = "http://cds.cern.ch/record/2303125",
	note          = "Replaced with the published version. Added the journal reference and the DOI. All the figures and tables can be found at http://cms-results.web.cern.ch/cms-results/public-results/publications/B2G-17-009 (CMS Public Pages)",
	doi           = "10.1007/JHEP06(2018)031",
}


@article{pairproductiont,
	author         = "{CMS Collaboration}",
	title          = "{Search for pair production of vector-like T and B quarks in single-lepton final states using boosted jet substructure in proton-proton collisions at  $\sqrt{s}=13$
	TeV}",
	collaboration  = "CMS",
	journal        = "JHEP",
	volume         = "11",
	year           = "2017",
	pages          = "085",
	doi            = "10.1007/JHEP11(2017)085",
	eprint         = "1706.03408",
	archivePrefix  = "arXiv",
	primaryClass   = "hep-ex",
	reportNumber   = "CMS-B2G-16-024, CERN-EP-2017-107",
	SLACcitation   = "%%CITATION = ARXIV:1706.03408;%%"
}


@article{pairproductionz,
	author = {Vignaroli, Natascia},
	year = {2015},
	month = {04},
	pages = {},
	title = {Z-peaked excess from heavy gluon decays to vector-like quarks},
	volume = {91},
	journal = {Physical Review D},
	doi = {10.1103/PhysRevD.91.115009}
}


@Article{higgsatlas,
	author =       "{ATLAS Collaboration}",
	title =        {Observation of a new particle in the search for the Standard Model Higgs
	boson with the {ATLAS} detector at the LHC},
	year =         {2012},
	journal =      "{Physics Letters B}",
	volume =       {716},
	url =		   {http://dx.doi.org/10.1016/j.physletb.2012.08.020},
}


@Article{higgscms,
	author =       "{CMS Collaboration}",
	title =        {Observation of a new boson at a mass of 125 GeV with the {CMS} experiment at the LHC},
	year =         {2012},
	journal =      "{Physics Letters B}",
	volume =       {716},
	url =		   {http://dx.doi.org/10.1016/j.physletb.2012.08.021},
}



@article{wulzer,
	author         = "Matsedonskyi, Oleksii and Panico, Giuliano and Wulzer, Andrea",
	title          = "{On the Interpretation of Top Partners Searches}",
	journal        = "JHEP",
	volume         = "12",
	year           = "2014",
	pages          = "097",
	doi            = "10.1007/JHEP12(2014)097",
	eprint         = "1409.0100",
	archivePrefix  = "arXiv",
	primaryClass   = "hep-ph",
	reportNumber   = "CERN-PH-TH-2014-160",
	SLACcitation   = "%%CITATION = ARXIV:1409.0100;%%"
}


@article{aguilar,
	author         = "Aguilar-Saavedra, J. A. and Benbrik, R. and Heinemeyer, S. and Pérez-Victoria, M.",
	title          = "{Handbook of vector-like quarks: Mixing and single production}",
	journal        = "Phys. Rev.",
	volume         = "D88",
	year           = "2013",
	number         = "9",
	pages          = "094010",
	doi            = "10.1103/PhysRevD.88.094010",
	eprint         = "1306.0572",
	archivePrefix  = "arXiv",
	primaryClass   = "hep-ph",
	SLACcitation   = "%%CITATION = ARXIV:1306.0572;%%"
}


@Report{hierarchy1,
	author =       "{Csaki, Csaba and Tanedo, Philip}",
	title =        {Beyond the Standard Model},
	year =         {2013},
	eprint =       {1602.04228},
	eprinttype =   {arxiv},
	url =		   {https://arxiv.org/pdf/1602.04228.pdf}
}


@Report{hierarchy2,
	author =       "{Bhattacharyya, Gautam}",
	title =        {Hierarchy problem and BSM physics},
	year =         {2017},
	url =		   {https://www.ias.ac.in/article/fulltext/pram/089/04/0053}
}


@Article{neutrinomass,
	author =       "{Particle Data Group} and Nakamura, K. and others",
	title =        {Review of Particle Physics},
	journal =      {J. Phys. G},
	year =         {2017},
	url =          {http://pdg.lbl.gov/2017/reviews/rpp2017-rev-neutrino-mixing.pdf}
}


@online{neutrino,
	author =    {Wikipedia},
	title =     "{Neutrino}",
	url =       {https://en.wikipedia.org/wiki/Neutrino}
}


@online{darkmatter,
	author =    {CERN},
	title =     "{Dark matter}",
	url =       {https://home.cern/science/physics/dark-matter}
}


@online{vlqinteraction,
	author =    {Panizzi, Luca},
	title =     "{Vector-like quarks t' and partners}",
	publisher = {European Centre for theoretical studies in Nuclear Physics and related areas},
	url =       {www.ectstar.eu/files/talks/Panizzi.pdf}
}


@online{drawbacks,
	author =    {Miyamoto Gomez, Oscar},
	title =     "{Five mysteries the Standard Model can’t explain}",
	year =		{2018},
	url =       {https://www.symmetrymagazine.org/article/five-mysteries-the-standard-model-cant-explain}
}

@misc{standardmodelpicture,
	author = "Wikibooks",
	title = "A-level Physics (Advancing Physics)/The Standard Model --- Wikibooks{,} The Free Textbook Project",
	year = "2017",
	url = "https://en.wikibooks.org/w/index.php?title=A-level_Physics_(Advancing_Physics)/The_Standard_Model&oldid=3249657",
	note = "[Online; accessed 2-December-2019]"
}

@techreport{intnote:zboson,
	author        = "Alhroob, Muhammad and Blaut, Marius Markus and Brock, Ian
	and Cioar\u{a}, Irina Antonela and Dell'Asta, Lidia and
	Frizzell, Dylan Cooper and Gutierrez, Phillip and Lambert,
	Joseph Earl and Sherman, Alexander David and Abbott, Brad
	and Boever, Chris and Holm, Tanja",
	title         = "{Observation of the associated production of a top quark
	and a $Z$ boson at 13 TeV with ATLAS}",
	institution   = "CERN",
	address       = "Geneva",
	number        = "ATL-COM-PHYS-2018-140",
	month         = "Feb",
	year          = "2018",
	reportNumber  = "ATL-COM-PHYS-2018-140",
	url           = "https://cds.cern.ch/record/2304824",
}

@article{geant,
	title = "Geant4—a simulation toolkit",
	journal = "Nuclear Instruments and Methods in Physics Research Section A: Accelerators, Spectrometers, Detectors and Associated Equipment",
	volume = "506",
	number = "3",
	pages = "250 - 303",
	year = "2003",
	issn = "0168-9002",
	doi = "https://doi.org/10.1016/S0168-9002(03)01368-8",
	url = "http://www.sciencedirect.com/science/article/pii/S0168900203013688",
	author = "S. Agostinelli and J. Allison and K. Amako and J. Apostolakis and H. Araujo and P. Arce",
	keywords = "Simulation, Particle interactions, Geometrical modelling, Software engineering, Object-oriented technology, Distributed software development",
}

@article{pythia,
	author         = "Sjöstrand, Torbjörn and Ask, Stefan and Christiansen,
	Jesper R. and Corke, Richard and Desai, Nishita and Ilten,
	Philip and Mrenna, Stephen and Prestel, Stefan and
	Rasmussen, Christine O. and Skands, Peter Z.",
	title          = "{An Introduction to PYTHIA 8.2}",
	journal        = "Comput. Phys. Commun.",
	volume         = "191",
	year           = "2015",
	pages          = "159-177",
	doi            = "10.1016/j.cpc.2015.01.024",
	eprint         = "1410.3012",
	archivePrefix  = "arXiv",
	primaryClass   = "hep-ph",
	reportNumber   = "LU-TP-14-36, MCNET-14-22, CERN-PH-TH-2014-190,
	FERMILAB-PUB-14-316-CD, DESY-14-178, SLAC-PUB-16122",
	SLACcitation   = "%%CITATION = ARXIV:1410.3012;%%"
}

@article{sherpa,
	author         = "Gleisberg, T. and Hoeche, Stefan. and Krauss, F. and
	Schonherr, M. and Schumann, S. and Siegert, F. and Winter,
	J.",
	title          = "{Event generation with SHERPA 1.1}",
	journal        = "JHEP",
	volume         = "02",
	year           = "2009",
	pages          = "007",
	doi            = "10.1088/1126-6708/2009/02/007",
	eprint         = "0811.4622",
	archivePrefix  = "arXiv",
	primaryClass   = "hep-ph",
	reportNumber   = "FERMILAB-PUB-08-477-T, SLAC-PUB-13420, ZU-TH-17-08,
	DCPT-08-138, IPPP-08-69, EDINBURGH-2008-30, MCNET-08-14",
	SLACcitation   = "%%CITATION = ARXIV:0811.4622;%%"
}

@article{madgraph,
	author         = "Alwall, J. and Frederix, R. and Frixione, S. and Hirschi,
	V. and Maltoni, F. and Mattelaer, O. and Shao, H. -S. and
	Stelzer, T. and Torrielli, P. and Zaro, M.",
	title          = "{The automated computation of tree-level and
	next-to-leading order differential cross sections, and
	their matching to parton shower simulations}",
	journal        = "JHEP",
	volume         = "07",
	year           = "2014",
	pages          = "079",
	doi            = "10.1007/JHEP07(2014)079",
	eprint         = "1405.0301",
	archivePrefix  = "arXiv",
	primaryClass   = "hep-ph",
	reportNumber   = "CERN-PH-TH-2014-064, CP3-14-18, LPN14-066, MCNET-14-09,
	ZU-TH-14-14",
	SLACcitation   = "%%CITATION = ARXIV:1405.0301;%%"
}

@article{powheg,
	author         = "Oleari, Carlo",
	title          = "{The POWHEG-BOX}",
	booktitle      = "{Proceedings,  10th DESY Workshop on Elementary Particle
	Theory: Loops and Legs in Quantum Field Theory: Woerlitz,
	Germany, April 25-30, 2010}",
	journal        = "Nucl. Phys. Proc. Suppl.",
	volume         = "205-206",
	year           = "2010",
	pages          = "36-41",
	doi            = "10.1016/j.nuclphysbps.2010.08.016",
	eprint         = "1007.3893",
	archivePrefix  = "arXiv",
	primaryClass   = "hep-ph",
	SLACcitation   = "%%CITATION = ARXIV:1007.3893;%%"
}

@article{herwig,
	author         = "Corcella, G. and Knowles, I. G. and Marchesini, G. and
	Moretti, S. and Odagiri, K. and Richardson, P. and
	Seymour, M. H. and Webber, B. R.",
	title          = "{HERWIG 6: An Event generator for hadron emission
	reactions with interfering gluons (including
	supersymmetric processes)}",
	journal        = "JHEP",
	volume         = "01",
	year           = "2001",
	pages          = "010",
	doi            = "10.1088/1126-6708/2001/01/010",
	eprint         = "hep-ph/0011363",
	archivePrefix  = "arXiv",
	primaryClass   = "hep-ph",
	reportNumber   = "CAVENDISH-HEP-99-03, CERN-TH-2000-284, RAL-TR-2000-048",
	SLACcitation   = "%%CITATION = HEP-PH/0011363;%%"
}

@techreport{intnote:wprime,
	author        = "Cantero, Josu and Dattagupta, Aparajita and De la Torre,
	Hector and Donini, Julien and Fisher, Wade Cameron and
	Halladjian, Garabed and Kar, Deepak and Lin, Kuan-yu and
	Love, Jeremy and Schwienhorst, Reinhard and Torrence, Eric
	and Haley, Joseph and Majersky, Oliver",
	title         = "{Search for $W' \rightarrow tb$ in the hadronic final
	state with the ATLAS Detector in $\sqrt{s} = 13$ TeV pp
	collisions}",
	institution   = "CERN",
	address       = "Geneva",
	number        = "ATL-COM-PHYS-2017-158",
	month         = "Feb",
	year          = "2017",
	reportNumber  = "ATL-COM-PHYS-2017-158",
	url           = "https://cds.cern.ch/record/2252806",
}

@article{isolation,
	author        = "Moortgat, Seth",
	title         = "{Lepton Isolation Using Particle Flow Objects for the
	ATLAS Detector}",
	month         = "Sep",
	year          = "2014",
	reportNumber  = "CERN-STUDENTS-Note-2014-208",
	url           = "https://cds.cern.ch/record/1756841",
}

@article{signalbackgroundratio,
	title={Discovery sensitivity for a counting experiment with background uncertainty},
	author={Cowan, Glen},
	year={2012}
}

@article{trexfitter,
      author         = "Baak, M. and Besjes, G. J. and Côte, D. and Koutsman, A.
                        and Lorenz, J. and Short, D.",
      title          = "{HistFitter software framework for statistical data
                        analysis}",
      journal        = "Eur. Phys. J.",
      volume         = "C75",
      year           = "2015",
      pages          = "153",
      doi            = "10.1140/epjc/s10052-015-3327-7",
      eprint         = "1410.1280",
      archivePrefix  = "arXiv",
      primaryClass   = "hep-ex",
      SLACcitation   = "%%CITATION = ARXIV:1410.1280;%%"
}

@article{lhc,
	doi = {10.1088/1748-0221/3/08/s08001},
	url = {https://doi.org/10.1088%2F1748-0221%2F3%2F08%2Fs08001},
	year = 2008,
	month = {aug},
	publisher = {{IOP} Publishing},
	volume = {3},
	number = {08},
	pages = {S08001--S08001},
	author = {Lyndon Evans and Philip Bryant},
	title = {{LHC} Machine},
	journal = {Journal of Instrumentation},
}

@article{atlas,
	doi = {10.1088/1748-0221/3/08/s08003},
	url = {https://doi.org/10.1088%2F1748-0221%2F3%2F08%2Fs08003},
	year = 2008,
	month = {aug},
	publisher = {{IOP} Publishing},
	volume = {3},
	number = {08},
	pages = {S08003--S08003},
	author = "{ATLAS Collaboration}",
	title = {The {ATLAS} Experiment at the {CERN} Large Hadron Collider},
	journal = {Journal of Instrumentation},
}

@article{cms,
	doi = {10.1088/1748-0221/3/08/s08004},
	url = {https://doi.org/10.1088%2F1748-0221%2F3%2F08%2Fs08004},
	year = 2008,
	month = {aug},
	publisher = {{IOP} Publishing},
	volume = {3},
	number = {08},
	pages = {S08004--S08004},
	author = "{CMS Collaboration}",
	title = {The {CMS} experiment at the {CERN} {LHC}},
	journal = {Journal of Instrumentation},
}

@article{lhcb,
	doi = {10.1088/1748-0221/3/08/s08005},
	url = {https://doi.org/10.1088%2F1748-0221%2F3%2F08%2Fs08005},
	year = 2008,
	month = {aug},
	publisher = {{IOP} Publishing},
	volume = {3},
	number = {08},
	pages = {S08005--S08005},
	author = "{LHCb Collaboration}",
	title = {The {LHCb} Detector at the {LHC}},
	journal = {Journal of Instrumentation},
}

@article{alice,
	doi = {10.1088/1748-0221/3/08/s08002},
	url = {https://doi.org/10.1088%2F1748-0221%2F3%2F08%2Fs08002},
	year = 2008,
	month = {aug},
	publisher = {{IOP} Publishing},
	volume = {3},
	number = {08},
	pages = {S08002--S08002},
	author = "{ALICE Collaboration}",
	title = {The {ALICE} experiment at the {CERN} {LHC}},
	journal = {Journal of Instrumentation},
}

@misc{lhc_picture,
	author = "LHC",
	url = "http://www.lhc-facts.ch/",
	note = "[Online; accessed 25-December-2019]"
}

@book{detector,
	author        = "{ATLAS Collaboration}",
	title         = "Expected performance of the ATLAS experiment: detector, trigger and physics",
	publisher     = "CERN",
	collaboration = "ATLAS Collaboration",
	address       = "Geneva",
	year          = "2009",
	reportNumber  = "arXiv:0901.0512",
	url           = "https://cds.cern.ch/record/1125884",
}

@Article{atlas_coordinate,
	author="Schott, Matthias
	and Dunford, Monica",
	title="Review of single vector boson production in pp collisions at $\sqrt{s}=\SI{7}{\tera\electronvolt}$",
	journal="The European Physical Journal C",
	year="2014",
	month="Jul",
	day="01",
	volume="74",
	number="7",
	pages="2916",
	issn="1434-6052",
	doi="10.1140/epjc/s10052-014-2916-1",
	url="https://doi.org/10.1140/epjc/s10052-014-2916-1"
}

@Book{halzen,
	author =       "Halzen, F. and Martin, Alan D.",
	title =        "{Quarks and Leptons: An Introductory Course in
	Modern Particle Physics}",
	year =         "1984",
	publisher =    "Wiley",
	reportNumber = "ISBN-9780471887416",
	isbn =         "9780471887416",
	SLACcitation = "%%CITATION = ISBN-9780471887416 ETC.;%%"
}


@article{antikt,
	title={The anti-ktjet clustering algorithm},
	volume={2008},
	ISSN={1029-8479},
	url={http://dx.doi.org/10.1088/1126-6708/2008/04/063},
	DOI={10.1088/1126-6708/2008/04/063},
	number={04},
	journal={Journal of High Energy Physics},
	publisher={Springer Science and Business Media LLC},
	author={Cacciari, Matteo and Salam, Gavin P and Soyez, Gregory},
	year={2008},
	month={Apr},
	pages={063–063}
}

@article{jet_trimming,
	title={Jet trimming},
	volume={2010},
	ISSN={1029-8479},
	url={http://dx.doi.org/10.1007/JHEP02(2010)084},
	DOI={10.1007/jhep02(2010)084},
	number={2},
	journal={Journal of High Energy Physics},
	publisher={Springer Science and Business Media LLC},
	author={Krohn, David and Thaler, Jesse and Wang, Lian-Tao},
	year={2010},
	month={Feb}
}

@misc{jet_calibration,
	title={Jet energy calibration at the LHC},
	author={Ariel Schwartzman},
	year={2015},
	eprint={1509.05459},
	archivePrefix={arXiv},
	primaryClass={hep-ex}
}

@article{topocluster,
	title={Topological cell clustering in the ATLAS calorimeters and its performance in LHC Run 1},
	volume={77},
	ISSN={1434-6052},
	url={http://dx.doi.org/10.1140/epjc/s10052-017-5004-5},
	DOI={10.1140/epjc/s10052-017-5004-5},
	number={7},
	journal={The European Physical Journal C},
	publisher={Springer Science and Business Media LLC},
	author={ATLAS Collaboration},
	year={2017},
	month={Jul}
}

@techreport{pflow,
	author        = "Hodgkinson, M and Tovey, D and Duxfield, R",
	title         = "Energy Flow Reconstruction with the eflowRec Combined Reconstruction Software in Athena 15.6.9.8",
	institution   = "CERN",
	address       = "Geneva",
	number        = "ATL-PHYS-INT-2011-031",
	month         = "Apr",
	year          = "2011",
	reportNumber  = "ATL-PHYS-INT-2011-031",
	url           = "https://cds.cern.ch/record/1342125",
}

@article{d2,
	title={Looking Inside Jets},
	ISBN={9783030157098},
	ISSN={1616-6361},
	url={http://dx.doi.org/10.1007/978-3-030-15709-8},
	DOI={10.1007/978-3-030-15709-8},
	journal={Lecture Notes in Physics},
	publisher={Springer International Publishing},
	author={Marzani, Simone and Soyez, Gregory and Spannowsky, Michael},
	year={2019}
}

@misc{wtagger,
	author = "JetEtmiss Recommendation",
	url = "https://twiki.cern.ch/twiki/bin/view/AtlasProtected/BoostedJetTaggingRecommendationFullRun2?rev=26",
	note = "[Online; accessed 25-December-2019]"
}

@article{wtagging,
      author         = "{ATLAS Collaboration}",
      title          = "{Performance of top-quark and $W$-boson tagging with
                        ATLAS in Run 2 of the LHC}",
      collaboration  = "ATLAS",
      journal        = "Eur. Phys. J.",
      volume         = "C79",
      year           = "2019",
      number         = "5",
      pages          = "375",
      doi            = "10.1140/epjc/s10052-019-6847-8",
      eprint         = "1808.07858",
      archivePrefix  = "arXiv",
      primaryClass   = "hep-ex",
      reportNumber   = "CERN-EP-2018-192",
      SLACcitation   = "%%CITATION = ARXIV:1808.07858;%%"
}

@misc{crossection:top,
	author = "Physics Modelling Group Top",
	url = "https://twiki.cern.ch/twiki/bin/viewauth/AtlasProtected/PmgTopProcesses",
	note = "[Online; accessed 26-December-2019]"
}

@misc{crossection:w,
	author = "Physics Modelling Group Weak Boson",
	url = "https://twiki.cern.ch/twiki/bin/viewauth/AtlasProtected/PmgWeakBosonProcesses",
	note = "[Online; accessed 26-December-2019]"
}

@misc{root,
	author = "ROOT Analysis Framework",
	url = "https://root.cern/doc/v618/",
	note = "[Online; accessed 26-December-2019]"
}

@article{electron,
	author = {J. J. Thomson M.A. F.R.S.},
	title = {XL. Cathode Rays},
	journal = {The London, Edinburgh, and Dublin Philosophical Magazine and Journal of Science},
	volume = {44},
	number = {269},
	pages = {293-316},
	year  = {1897},
	publisher = {Taylor & Francis},
	doi = {10.1080/14786449708621070},
	URL = {https://doi.org/10.1080/14786449708621070},
	eprint = {https://doi.org/10.1080/14786449708621070},
}

@article{little_higgs,
   	title={LITTLE HIGGS THEORIES},
   	volume={55},
   	ISSN={1545-4134},
   	url={http://dx.doi.org/10.1146/annurev.nucl.55.090704.151502},
   	DOI={10.1146/annurev.nucl.55.090704.151502},
   	number={1},
   	journal={Annual Review of Nuclear and Particle Science},
   	publisher={Annual Reviews},
   	author={Schmaltz, Martin and Tucker-Smith, David},
   	year={2005},
   	month={Dec},
   	pages={229–270}
}

@article{composite_higgs,
	title = "Composite Higgs scalars",
	journal = "Physics Letters B",
	volume = "136",
	number = "3",
	pages = "187 - 190",
	year = "1984",
	issn = "0370-2693",
	doi = "https://doi.org/10.1016/0370-2693(84)91178-X",
	url = "http://www.sciencedirect.com/science/article/pii/037026938491178X",
	author = "David B. Kaplan and Howard Georgi and Savas Dimopoulos",
}

@article{extradim,
   	title={Large Mass Hierarchy from a Small Extra Dimension},
   	volume={83},
   	ISSN={1079-7114},
   	url={http://dx.doi.org/10.1103/PhysRevLett.83.3370},
   	DOI={10.1103/physrevlett.83.3370},
   	number={17},
   	journal={Physical Review Letters},
  	 publisher={American Physical Society (APS)},
   	author={Randall, Lisa and Sundrum, Raman},
   	year={1999},
   	month={Oct},
   	pages={3370–3373}
}

@article{gaugehiggs,
   	title={Gauge-Higgs unification in higher dimensions},
  	 volume={639},
   	ISSN={0550-3213},
   	url={http://dx.doi.org/10.1016/S0550-3213(02)00539-4},
   	DOI={10.1016/s0550-3213(02)00539-4},
   	number={1-2},
   	journal={Nuclear Physics B},
   	publisher={Elsevier BV},
   	author={Hall, Lawrence and Nomura, Yasunori and Smith, David},
   	year={2002},
   	month={Sep},
   	pages={307–330}
}

@inbook{likelihood,
	author = {Scholz, F.},
	year = {2006},
	month = {08},
	pages = {},
	title = {Maximum Likelihood Estimation},
	isbn = {0471667196},
	doi = {10.1002/0471667196.ess1571.pub2}
}

@article{roostats,
      author         = "Cranmer, Kyle and Lewis, George and Moneta, Lorenzo and
                        Shibata, Akira and Verkerke, Wouter",
      title          = "{HistFactory: A tool for creating statistical models for
                        use with RooFit and RooStats}",
      collaboration  = "ROOT",
      year           = "2012",
      reportNumber   = "CERN-OPEN-2012-016",
      SLACcitation   = "%%CITATION = CERN-OPEN-2012-016;%%"
}

@misc{planck,
    title={Planck 2018 results. I. Overview and the cosmological legacy of Planck},
    author={Planck Collaboration},
    year={2018},
    eprint={1807.06205},
    archivePrefix={arXiv},
    primaryClass={astro-ph.CO}
}

@article{btagging:uncertainties,
   title="{ATLAS b-jet identification performance and efficiency measurement with $t{\bar{t}}$ events in pp collisions at $\sqrt{s}=13$ TeV}",
   volume={79},
   ISSN={1434-6052},
   url={http://dx.doi.org/10.1140/epjc/s10052-019-7450-8},
   DOI={10.1140/epjc/s10052-019-7450-8},
   number={11},
   journal={The European Physical Journal C},
   publisher={Springer Science and Business Media LLC},
   author={Aad, G. and Abbott, B. and Abbott, D. C. and Abud, A. Abed and Abeling, K. and Abhayasinghe, D. K. and Abidi, S. H. and AbouZeid, O. S. and Abraham, N. L. and et al.},
   year={2019},
   month={Nov}
}

@misc{analysistop,
	author = "JetEtmiss Recommendation",
	url = "https://twiki.cern.ch/twiki/bin/view/AtlasProtected/AnalysisTop21",
	note = "[Online; accessed 10-January-2020]"
}

@misc{leptons,
	author = "Lepton Isolation",
	url = "https://twiki.cern.ch/twiki/bin/view/AtlasProtected/IsolationSelectionTool",
	note = "[Online; accessed 10-January-2020]"
}

@misc{leptonic:twiki,
	author = "Run 2 VLQ Clusters",
	url = "https://twiki.cern.ch/twiki/bin/view/AtlasProtected/Run2VectorLikeQuarks",
	note = "[Online; accessed 10-January-2020]"
}

@thesis{thesis:fletcher,
      author        = "Fletcher, Gareth Thomas",
      title         = "{Multijet Background Estimation For SUSY Searches And
                       Particle Flow Offline Reconstruction Using The ATLAS
                       Detector At The LHC}",
      month         = "Mar",
      year          = "2015",
      reportNumber  = "CERN-THESIS-2015-142",
      url           = "https://cds.cern.ch/record/2054397",
      note          = "Presented 01 Jun 2015",
}

@misc{ibl,
    title={The ATLAS Insertable B-Layer: from construction to operation},
    author={Alessandro La Rosa},
    year={2016},
    eprint={1610.01994},
    archivePrefix={arXiv},
    primaryClass={physics.ins-det}
}
